@audio{butcherDodds2024,
  author = {Butcher, Matt and Dodds, Eric},
  title = {How {WebAssembly} is enabling the third wave of cloud compute with {Matt Butcher} of {Fermyon Technologies}},
  number = {172},
  type = {Audio podcast episode},
  series = {The Data Stack Show},
  url = {https://datastackshow.com/podcast/how-webassembly-is-enabling-the-third-wave-of-cloud-compute-with-matt-butcher-of-fermyon-technologies/},
  date = {2024-01-10}
}

@misc{cruz2021tools,
  title = {Tools to Measure Software Energy Consumption from your Computer},
  author = {Lu\'{i}s Cruz},
  year = {2021},
  howpublished={\url{http://luiscruz.github.io/2021/07/20/measuring-energy.html}},
  doi = {10.6084/m9.figshare.19145549.v1},
  note = {Blog post.}
}

